<record><leader>00000cas a22000007a 4500</leader><controlfield tag="001">12441427</controlfield><controlfield tag="008">850830d18381848pausr ne      0    0ger d</controlfield><datafield ind1=" " ind2=" " tag="010"><subfield code="a">sn 85054810 </subfield></datafield><datafield ind1=" " ind2=" " tag="040"><subfield code="a">NPH</subfield><subfield code="b">eng</subfield><subfield code="c">NPH</subfield><subfield code="d">NPX</subfield><subfield code="d">NPH</subfield><subfield code="d">OCLCQ</subfield></datafield><datafield ind1=" " ind2=" " tag="042"><subfield code="a">msc</subfield></datafield><datafield ind1="0" ind2="4" tag="245"><subfield code="a">Die Christliche Zeitschrift.</subfield></datafield><datafield ind1=" " ind2=" " tag="260"><subfield code="a">Gettysburg, Pa. :</subfield><subfield code="b">H.C. Neinstedt's Druckerei,</subfield><subfield code="c">1838-</subfield></datafield><datafield ind1=" " ind2=" " tag="300"><subfield code="a">v. ;</subfield><subfield code="c">49 cm.</subfield></datafield><datafield ind1=" " ind2=" " tag="310"><subfield code="a">Semimonthly</subfield></datafield><datafield ind1="0" ind2=" " tag="362"><subfield code="a">3. Jahrg., Nr. 2 (Dez. 24, 1838)-</subfield></datafield><datafield ind1="1" ind2=" " tag="362"><subfield code="a">Ceased in 1848?</subfield><subfield code="z">Cf. Arndt &amp; Olson. German lang. press.</subfield></datafield><datafield ind1=" " ind2=" " tag="500"><subfield code="a">Published at Gettysburg, Pa., 1838-&lt;1840&gt;; at Chambersburg, Pa., &lt;1840&gt;-1848. Cf. Arndt &amp; Olson. German lang. press.</subfield></datafield><datafield ind1=" " ind2=" " tag="500"><subfield code="a">Publisher: Benjamin S. Schneck, &lt;1842&gt;.</subfield></datafield><datafield ind1=" " ind2=" " tag="546"><subfield code="a">In German.</subfield></datafield><datafield ind1=" " ind2=" " tag="580"><subfield code="a">Continued by: Reformirte Kirchen-Zeitung (Chambersburg, Pa.). Cf. Arndt &amp; Olson. German lang. press.</subfield></datafield><datafield ind1="2" ind2=" " tag="710"><subfield code="a">Reformed Church in the United States (Pa.)</subfield></datafield><datafield ind1=" " ind2=" " tag="752"><subfield code="a">United States</subfield><subfield code="b">Pennsylvania</subfield><subfield code="c">Franklin</subfield><subfield code="d">Chambersburg.</subfield></datafield><datafield ind1=" " ind2=" " tag="752"><subfield code="a">United States</subfield><subfield code="b">Pennsylvania</subfield><subfield code="c">Adams</subfield><subfield code="d">Gettysburg.</subfield></datafield><datafield ind1="0" ind2="0" tag="780"><subfield code="t">Christliche Zeitschrift der Hochdeutschen Reformirten Kirche</subfield><subfield code="w">(DLC)sn 85054808</subfield></datafield><datafield ind1="1" ind2="0" tag="785"><subfield code="t">Reformirte Kirchen-Zeitung (Chambersburg, Pa.)</subfield><subfield code="w">(DLC)sn 88079232</subfield></datafield><datafield ind1="1" ind2=" " tag="029"><subfield code="a">AU@</subfield><subfield code="b">000025801277</subfield></datafield></record>